<?xml version="1.0" encoding="UTF-8"?><record xmlns="http://www.loc.gov/MARC21/slim" xmlns:cinclude="http://apache.org/cocoon/include/1.0" xmlns:zs="http://www.loc.gov/zing/srw/">
  <leader>00464cz  a2200145n  4500</leader>
  <controlfield tag="001">n  88018893 </controlfield>
  <controlfield tag="003">DLC</controlfield>
  <controlfield tag="005">20000628065047.0</controlfield>
  <controlfield tag="008">890110n| acannaabn          |a aaa      </controlfield>
  <datafield tag="010" ind1=" " ind2=" ">
    <subfield code="a">n  88018893 </subfield>
  </datafield>
  <datafield tag="035" ind1=" " ind2=" ">
    <subfield code="a">(OCoLC)oca02436804</subfield>
  </datafield>
  <datafield tag="040" ind1=" " ind2=" ">
    <subfield code="a">DLC</subfield>
    <subfield code="b">eng</subfield>
    <subfield code="c">DLC</subfield>
    <subfield code="d">OCoLC</subfield>
  </datafield>
  <datafield tag="100" ind1="1" ind2=" ">
    <subfield code="a">Cuartero y Huerta, Baltasar</subfield>
  </datafield>
  <datafield tag="400" ind1="1" ind2=" ">
    <subfield code="a">Huerta, Baltasar Cuartero y</subfield>
  </datafield>
  <datafield tag="670" ind1=" " ind2=" ">
    <subfield code="a">His Historia de la Cartuja de Santa MariĚa de las Cuevas ... 1988?:</subfield>
    <subfield code="b">v. 1, t.p. (Baltasar Cuartero y Huerta)</subfield>
  </datafield>
</record>